<record><leader>00000cas a2200000 a 4500</leader><controlfield tag="001">31018418</controlfield><controlfield tag="008">940826d19221930iluwr ne      0    0eng c</controlfield><datafield ind1=" " ind2=" " tag="010"><subfield code="a">sn 94054580 </subfield></datafield><datafield ind1=" " ind2=" " tag="040"><subfield code="a">NVF</subfield><subfield code="b">eng</subfield><subfield code="c">NVF</subfield><subfield code="d">CVF</subfield><subfield code="d">NVF</subfield><subfield code="d">OCLCQ</subfield><subfield code="d">OCLCF</subfield><subfield code="d">OCLCO</subfield></datafield><datafield ind1="1" ind2=" " tag="029"><subfield code="a">AU@</subfield><subfield code="b">000011230118</subfield></datafield><datafield ind1=" " ind2=" " tag="042"><subfield code="a">pcc</subfield></datafield><datafield ind1=" " ind2=" " tag="043"><subfield code="a">n-us-il</subfield></datafield><datafield ind1="0" ind2=" " tag="130"><subfield code="a">Maywood herald (Maywood, Ill. : 1922)</subfield></datafield><datafield ind1="1" ind2="4" tag="245"><subfield code="a">The Maywood herald.</subfield></datafield><datafield ind1=" " ind2=" " tag="260"><subfield code="a">Maywood, Ill. :</subfield><subfield code="b">Edward A. Cogley,</subfield><subfield code="c">1922-1930.</subfield></datafield><datafield ind1=" " ind2=" " tag="300"><subfield code="a">v.</subfield></datafield><datafield ind1=" " ind2=" " tag="310"><subfield code="a">Weekly</subfield></datafield><datafield ind1="0" ind2=" " tag="362"><subfield code="a">Vol. 52, no. 2 (July 14, 1922)-v. 65, no. 47 (Nov. 20, 1930) = whole no. 1228-1660.</subfield></datafield><datafield ind1=" " ind2="0" tag="651"><subfield code="a">Maywood (Ill.)</subfield><subfield code="v">Newspapers.</subfield></datafield><datafield ind1=" " ind2="7" tag="655"><subfield code="a">Newspapers.</subfield><subfield code="2">fast</subfield><subfield code="0">(OCoLC)fst01423814</subfield></datafield><datafield ind1=" " ind2="7" tag="651"><subfield code="a">Illinois</subfield><subfield code="z">Maywood.</subfield><subfield code="2">fast</subfield><subfield code="0">(OCoLC)fst01217744</subfield></datafield><datafield ind1=" " ind2=" " tag="752"><subfield code="a">United States</subfield><subfield code="b">Illinois</subfield><subfield code="c">Cook</subfield><subfield code="d">Maywood.</subfield></datafield><datafield ind1="0" ind2="0" tag="780"><subfield code="t">Maywood herald-recorder</subfield><subfield code="w">(DLC)sn 94054579</subfield><subfield code="w">(OCoLC)31018359</subfield></datafield><datafield ind1="0" ind2="0" tag="785"><subfield code="t">Herald (Maywood, Ill.)</subfield><subfield code="w">(DLC)sn 94054581</subfield><subfield code="w">(OCoLC)31018436</subfield></datafield></record>